


@misc{pdf_acrobat,
	title="Acrobat Reader [Электронный ресурс].",
	howpublished="Режим доступа: \url{https://www.adobe.com/acrobat/pdf-reader.html} (дата обращения: 19.10.2023)."
}





@misc{pdf_tree,
	title="Chapter 4. Document Structure [Электронный ресурс].",
	howpublished="Режим доступа: \url{https://www.oreilly.com/library/view/pdf-explained/9781449321581/ch04.html} (дата обращения: 19.10.2023)."
}

@misc{pdf_iso_a,
	title="ISO 19005 (PDF/A) [Электронный ресурс].",
	howpublished="Режим доступа: \url{https://pdfa.org/resource/iso-19005-pdfa/} (дата обращения: 19.10.2023)."
}

@misc{pdf_iso_e,
	title="ISO 32000-1:2008 [Электронный ресурс].",
	howpublished="Режим доступа: \url{https://pdfa.org/resource/iso-24517-pdfe/} (дата обращения: 19.10.2023)."
}


@misc{pdf_iso,
	title="ISO 32000-1:2008 [Электронный ресурс].",
	howpublished="Режим доступа: \url{https://www.iso.org/standard/51502.html} (дата обращения: 19.10.2023)."
}



@misc{pdf_pop,
	title="Наиболее распространенные форматы электронных документов [Электронный ресурс].",
	howpublished="Режим доступа: \url{https://beorg.ru/blog/formaty-elektronnyh-dokumentov/?ysclid=lq6ke2mpko484311954} (дата обращения: 19.10.2023)."
}

@article{yolo_v2,
	author       = {Xin Huang and
	Xinxin Wang and
	Wenyu Lv and
	Xiaying Bai and
	Xiang Long and
	Kaipeng Deng and
	Qingqing Dang and
	Shumin Han and
	Qiwen Liu and
	Xiaoguang Hu and
	Dianhai Yu and
	Yanjun Ma and
	Osamu Yoshie},
	title        = {PP-YOLOv2: {A} Practical Object Detector},
	journal      = {CoRR},
	volume       = {abs/2104.10419},
	year         = {2021},
	url          = {https://arxiv.org/abs/2104.10419},
	eprinttype    = {arXiv},
	eprint       = {2104.10419},
	timestamp    = {Mon, 26 Apr 2021 17:25:10 +0200},
	biburl       = {https://dblp.org/rec/journals/corr/abs-2104-10419.bib},
	bibsource    = {dblp computer science bibliography, https://dblp.org}
}

@article{yolo_v3,
	author       = {Joseph Redmon and
	Ali Farhadi},
	title        = {YOLOv3: An Incremental Improvement},
	journal      = {CoRR},
	volume       = {abs/1804.02767},
	year         = {2018},
	url          = {http://arxiv.org/abs/1804.02767},
	eprinttype    = {arXiv},
	eprint       = {1804.02767},
	timestamp    = {Mon, 13 Aug 2018 16:48:24 +0200},
	biburl       = {https://dblp.org/rec/journals/corr/abs-1804-02767.bib},
	bibsource    = {dblp computer science bibliography, https://dblp.org}
}

@article{yolo_v4,
	author       = {Alexey Bochkovskiy and
	Chien{-}Yao Wang and
	Hong{-}Yuan Mark Liao},
	title        = {YOLOv4: Optimal Speed and Accuracy of Object Detection},
	journal      = {CoRR},
	volume       = {abs/2004.10934},
	year         = {2020},
	url          = {https://arxiv.org/abs/2004.10934},
	eprinttype    = {arXiv},
	eprint       = {2004.10934},
	timestamp    = {Tue, 28 Apr 2020 16:10:02 +0200},
	biburl       = {https://dblp.org/rec/journals/corr/abs-2004-10934.bib},
	bibsource    = {dblp computer science bibliography, https://dblp.org}
}

@article{yolo_v5,
	author       = {Junfan Wang and
	Yi Chen and
	Mingyu Gao and
	Zhekang Dong},
	title        = {Improved YOLOv5 network for real-time multi-scale traffic sign detection},
	journal      = {CoRR},
	volume       = {abs/2112.08782},
	year         = {2021},
	url          = {https://arxiv.org/abs/2112.08782},
	eprinttype    = {arXiv},
	eprint       = {2112.08782},
	timestamp    = {Thu, 02 Feb 2023 08:39:51 +0100},
	biburl       = {https://dblp.org/rec/journals/corr/abs-2112-08782.bib},
	bibsource    = {dblp computer science bibliography, https://dblp.org}
}

@misc{yolo_v6,
	title={YOLOv6: A Single-Stage Object Detection Framework for Industrial Applications}, 
	author={Chuyi Li and Lulu Li and Hongliang Jiang and Kaiheng Weng and Yifei Geng and Liang Li and Zaidan Ke and Qingyuan Li and Meng Cheng and Weiqiang Nie and Yiduo Li and Bo Zhang and Yufei Liang and Linyuan Zhou and Xiaoming Xu and Xiangxiang Chu and Xiaoming Wei and Xiaolin Wei},
	year={2022},
	eprint={2209.02976},
	archivePrefix={arXiv},
	primaryClass={cs.CV}
}

@misc{yolo_v7,
	title={YOLOv7: Trainable bag-of-freebies sets new state-of-the-art for real-time object detectors}, 
	author={Chien-Yao Wang and Alexey Bochkovskiy and Hong-Yuan Mark Liao},
	year={2022},
	eprint={2207.02696},
	archivePrefix={arXiv},
	primaryClass={cs.CV}
}
@misc{abdobe_PDF,
	title="PDF File types - specialist formats and what they’re used for [Электронный ресурс].",
	howpublished="Режим доступа: \url{https://www.adobe.com/uk/acrobat/resources/document-files/pdf-types.html} (дата обращения: 19.10.2023)."
}


@misc{pdf_a_4,
	title="https://blog.avepdf.com/what-is-pdfa4/ [Электронный ресурс].",
	howpublished="Режим доступа: \url{https://blog.avepdf.com/what-is-pdfa4/} (дата обращения: 19.10.2023)."
}

@misc{nalogi,
	title="Приказ ФНС России от 24.03.2022 [Электронный ресурс].",
	howpublished="Режим доступа: \url{https://www.nalog.gov.ru/rn77/about_fts/docs/12181055/} (дата обращения: 19.10.2023)."
}

@misc{pdf_a_2,
	title="PDF/A-2 Overview [Электронный ресурс].",
	howpublished="Режим доступа: \url{https://pdfa.org/wp-content/uploads/2011/10/Flyer-PDFA2-Overview-EN.pdf} (дата обращения: 19.10.2023)."
}

@misc{pdf_a_versions,
	title="What Are the Different Versions of PDF/A? [Электронный ресурс].",
	howpublished="Режим доступа: \url{https://apryse.com/blog/pdfa-format/what-are-the-different-types-of-pdfa} (дата обращения: 19.10.2023)."
}


@misc{GOST732,
	title="ГОСТ 7.32---2017 Система стандартов по информации, библиотечному и издательскому делу. Отчет о научно-исследовательской работе. Структура и правила оформления",
	howpublished="М.: Стандартинформ, 2017. --- 35 с."
}

@misc{pdf_object_def,
	title="What if PDF file? [Электронный ресурс].",
	howpublished="Режим доступа: \url{https://docs.aspose.com/page/net/what-is-pdf-file/} (дата обращения: 26.10.2023)."
}


@misc{pdf_structure_trans,
	title="Дружим с PDF [Электронный ресурс].",
	howpublished="Режим доступа: \url{https://alexeykalina.github.io/technologies/pdf.html} (дата обращения: 26.10.2023)."
}


@misc{pdf_levels_std,
	title="Стандарт PDF/A [Электронный ресурс].",
	howpublished="Режим доступа: \url{https://yamadharma.github.io/ru/post/2021/07/30/pdf-a-standard/} (дата обращения: 26.10.2023)."
}

@misc{about_openCV,
	title="About OpenCV [Электронный ресурс].",
	howpublished="Режим доступа: \url{https://opencv.org/about/} (дата обращения: 10.11.2023)."
}





@misc{pattern_matching,
	title="Pattern matching [Электронный ресурс].",
	howpublished="Режим доступа: \url{https://docs.opencv.org/4.x/d4/dc6/tutorial_py_template_matching.html} (дата обращения: 10.11.2023)."
	
}

@misc{DL_openCV,
	title="Deep Learning with OpenCV  [Электронный ресурс].",
	howpublished="Режим доступа: \url{https://learnopencv.com/deep-learning-with-opencvs-dnn-module-a-definitive-guide/} (дата обращения: 10.11.2023)."
	
}


@misc{OCR_openCV,
	title="How to run custom OCR model  [Электронный ресурс].",
	howpublished="Режим доступа: \url{https://docs.opencv.org/4.x/d9/d1e/tutorial_dnn_OCR.html/} (дата обращения: 10.11.2023)."
	
}

@misc{YOLOv8,
	title="Ultralytics YOLOv8 Docs  [Электронный ресурс].",
	howpublished="Режим доступа: \url{https://docs.ultralytics.com/} (дата обращения: 10.11.2023)."
	
}


@misc{labelimg,
	title="Label Studio  [Электронный ресурс].",
	howpublished="Режим доступа: \url{https://github.com/HumanSignal/labelImg} (дата обращения: 10.11.2023)."
	
}

@misc{object_detection_models,
	title="Top Object Detection Models  [Электронный ресурс].",
	howpublished="Режим доступа: \url{https://roboflow.com/models/object-detection} (дата обращения: 27.11.2023)."
	
}


@misc{mAP,
	title="What is Mean Average Precision (MAP) and how does it work   [Электронный ресурс].",
	howpublished="Режим доступа: \url{https://xailient.com/blog/what-is-mean-average-precision-and-how-does-it-work/} (дата обращения: 27.11.2023)."
	
}


@misc{class_metrics,
	title="Accuracy, precision, and recall in multi-class classification  [Электронный ресурс].",
	howpublished="Режим доступа: \url{https://www.evidentlyai.com/classification-metrics/multi-class-metrics} (дата обращения: 27.11.2023)."
}

@misc{learning,
	title="Machine Learning Model Training: What It Is and Why It’s Important  [Электронный ресурс].",
	howpublished="Режим доступа: \url{https://domino.ai/blog/what-is-machine-learning-model-training} (дата обращения: 27.11.2023)."
}



@misc{epoch,
	title={One Epoch Is All You Need}, 
	author={Aran Komatsuzaki},
	year={2019},
	eprint={1906.06669},
	archivePrefix={arXiv},
	primaryClass={cs.LG}
}

@misc{astra_linux,
	title="Добавление библиотек глубокого обучения для разработки программ на языке Python  [Электронный ресурс].",
	howpublished="Режим доступа: \url{https://wiki.astralinux.ru/plugins/servlet/mobile?contentId=68912355\#content/view/68912355} (дата обращения: 27.11.2023)."
}

@misc{keras_yolov8,
	title="Object Detection using KerasCV YOLOv8  [Электронный ресурс].",
	howpublished="Режим доступа: \url{https://learnopencv.com/object-detection-using-kerascv-yolov8/} (дата обращения: 27.11.2023)."
}


